@book{Amari,
	author = "Shun-ichi Amari and Hiroshi Nagaoka",
	title = "Methods of Information Geometry",
	series = "Translations of Mathematical Monographs 191",
	publisher = "Oxford University Press",
	address = "Oxford",
	year = "2000",
}

@article{Baten,
	author = "W.~D.~Baten",
	title = "The probability law for the sum of $n$ independent variables, each subject to the law $(1/(2h)) \sech (\pi x/(2h))$",
	journal = "Bulletin of the American Mathematical Society",
	year = "1934",
	volume = "40",
	number = "4",
	pages = "284--290",
}

@article{Zagier1,
	author = "Atul Dixit, Victor H.~Moll, and Chirstophe, Vignat",
	title = "The Zagier modification of Bernoulli numbers and a polynomial extension. Part I",
	journal = "Ramanujan Journal",
	year = "2014",
	volume = "33",
	number = "3",
	pages = "379--422",
}
	

@book{doC1992,
	author = "Manfredo P. do Carmo",
	title = "Riemannian Geometry",
	publisher = "Birkh√§user",
	address = "Boston",
	year = "1992",
}


@book{SGHS,
	author = "Matthias J. Fischer",
	title = "Generalized Hyperbolic Secant Distributions: With Applications ",
	publisher = "Springe",
	address = "Nuernberg",
	year = "2014",
}


@article{RAFisher,
	author = "Ronald Aylme Fisher",
	title = "On the ``Probable Error'' of a coefficient of correlation deduced from a small sample volume I",
	journal = "Metron",
	year = "1921",
	volume = "1",
	pages = "3--32",
}

@article{GHSD,
	author = "W.~L.~Harkness and M.~L.~Harkness",
	title = "Generalized hyperbolic secant distributions",
	journal = "Journal of the American Statistical Association",
	year = "1968",
	volume = "63",
	number = "321",
	pages = "329--337",
}

@book{Jef1998,
	author = "H. Jeffreys",
	title = "Theory of Probability ",
	publisher = "Oxford University Press",
	address = "Oxford",
	year = "1988",
}

@article{Euler,
	author = "Lin Jiu, Victor H. Moll, and Christophe Vignat",
	title = "Identities for generalized Euler polynomials",
	journal = "Integral Transforms and Special Functions ",
	year = "2014",
	volume = "25",
	number = "10",
	pages = "777--789",
}

@article{LSP2022,
	author = "Mingming Li, Huafei Sun, and Linyu Peng"
	title = "Fisher--Rao geometry and Jeffreys prior for Pareto distribution",
	journal = "Communications in Statistics - Theory and Methods",
	year = "2022",
	volume = "51",
	number = "6",
	pages = "1895--1910",
}

@book{FourierHypersecant,
	author = "Shun-ichi Amari and Hiroshi Nagaoka",
	title = "Tables of Integral Transforms. Vol.~I.",
	series = "Bateman ManuscriptProject",
	publisher = "McGraw-Hill",
	address = "New York",
	year = "1954",
}

@book{FourierHypersecant,
	author = "Frank W. Olver, Daniel W. Lozier, Ronald Boisvert, Charles W. Clark",
	title = "NIST Handbook of Mathematical Functions",
	publisher = "Cambridge University Press",
	address = "New York",
	year = "2010",
}

@article{Pengetal2011,
	author = "Linyu Peng, Huafei Sun, Dandi Sun, and Jin Yi",
	title = "The geometric structures and instability of entropic dynamic models",
	journal = "Advances in Mathematics",
	year = "2011",
	volume = "227",
	number = "1",
	pages = "459--471",
}


@article{Perks,
	author = "Wilfred Perks",
	title = "On some experiments in the graduation of mortality statistics",
	journal = "Journal of the Institute of Actuaries",
	year = "2011",
	volume = "63",
	number = "1",
	pages = "1886--1994",
}

@article{PitmanYor,
	author = "Jim Pitman and Marc Yor",
	title = "Infinitely divisible laws associated with hyperbolic functions",
	journal = "Canadian Journal of Mathematics",
	year = "2018",
	volume = "55",
	number = "2",
	pages = "292--330",
}

@book{Umbral,
	author = "S. Roman",
	title = "The Umbral Calculus",
	series = "Pure and Applied Mathematics, vol.~111"
	publisher = "Academic Press Inc.",
	address = "London",
	year = "1983",
}

@book{Umbral,
	author = "Huafei Sun, Zhenning Zhang, Linyu Peng, and Xiaomin Duan",
	title = "An Elementary Introduction to Information Geometry",
	publisher = "Science Press",
	address = "Beijing",
	year = "2016",
}

@article{alphaParallel,
	author = "Jun-ichi Takeuchi and Shun-ichi Amari",
	title = "Infinitely divisible laws associated with hyperbolic functions",
	journal = "IEEE Transactions on Information Theory",
	year = "2005",
	volume = "51",
	number = "3",
	pages = "1011--1023",
}

@article{Zidek1969,
	author = "James V. Zidek",
	title = "A representation of Bayesian invariant procedures in terms of Haar measure",
	journal = "Annals of the Institute of Statistical Mathematics",
	year = "1969",
	volume = "21",
	pages = "291--308",
}





