@book{B01,
  title     = "Mathematical Foundations of Information Geometry",
  author    = "Huafei Sun and Linyu Peng and Yongqiang Cheng and Didong Li and Lin Jiu",
  year      =  "2025",
  publisher = "Science Press",
  address   = "Beijing",
  isbn = "978-7-03-080107-4",
}


@article{01,
	author = "Xiaojie Wang and Lin Jiu",
	title = "Characterizing hypersurfaces of generalized rotation through its normal lines",
	journal = "Journal of Ningde Normal University (Natural Science)",
	year = "2006",
	volume = "02",
	pages = "117--119",
}

@article{02,
	author = "Lin Jiu and Huafei Sun",
	title = "On minimal homothetical hypersurfaces",
	journal = "Colloquium Mathematicum",
	year = "2007",
	volume = "109",
	number = "2",
	pages = "239--249",
	doi = "10.4064/cm109-2-6",
}
	
@article{03,
	author = "Linyu Peng and Huafei Sun and Lin Jiu",
	title = "The geometric structure of the {Pareto} distribution",
	journal = "Bolet\'{i}n de la Asociaci\'{o}n Matem\'{a}tica Venezolana",
	year = "2007",
	volume = "14",
	number = "1",
	pages = "5--13",
}

@article{04,
	author = "Fengyun Zhang and Huafei Sun and Lin Jiu and Linyu Peng",
	title = "The arc length variational formula on the exponential manifold",
	journal = "Mathematica Slovaca",
	year = "2013",
	volume = "63",
	number = "5",
	pages = "1101--1112",
	doi ="10.2478/s12175-013-0158-6",
}	

@article{05,
	author = "Zhengning Zhang and Huafei Sun and Lin Jiu and Linyu Peng",
	title = "A natural gradient algorithm for stochastic distribution systems",
	journal = "Entropy",
	year = "2014",
	volume = "18",
	number = "8",
	pages = "4338--4352",
	doi = "10.3390/e16084338",
}	

@article{06,
	author = "Lin Jiu and Victor H. Moll and Christophe Vignat",
	title = "Identities for generalized {Euler} polynomials",
	journal = "Integral Transforms and Special Functions",
	year = "2014",
	volume = "25",
	number = "10",
	pages = "777--789",
	doi = "10.1080/10652469.2014.918613",
}

@article{07,
	author = "Alyssa Byrnes and Lin Jiu and Victor H. Moll and Christophe Vignat",
	title = "Recursion rules for the hypergeometric zeta functions",
	journal = "International Journal of Number Theory",
	year = "2014",
	volume = "10",
	number = "7",
	pages = "1761--1782",
	doi = "10.1142/S1793042114500547",
}

@article{08,
	author = "Tewodros Amdeberhan and Atul Dixit and Xiao Guan and Lin Jiu and Victor H. Moll",
	title = "The unimodality of a polynomial coming from a rational integral. {Back} to the original proof",
	journal = "Journal of Mathematical Analysis and Applications",
	year = "2014",
	volume = "420",
	number = "5",
	pages = "1154--1166",
	doi = "10.1016/j.jmaa.2014.06.006",
}

@article{09,
	author = "Atul Dixit and Lin Jiu and Victor H. Moll and Christophe Vignat",
	title = "The finite [Fourier} transform of classical polynomials",
	journal = "Journal of the Australian Mathematical Society",
	year = "2015",
	volume = "98",
	number = "2",
	pages = "145--160",
	doi = "10.1017/S1446788714000500",
}

@article{10,
	author = "Lin Jiu and Victor H. Moll and Christophe Vignat",
	title = "A symbolic approach to some identities for {Bernoulli-Barnes} polynomials",
	journal = "International Journal of Number Theory",
	year = "2016",
	volume = "12",
	number = "3",
	pages = "649--662",
	doi = "10.1142/S1793042116500421",
}

@article{11,
	author = "Lin Jiu and Christophe Vignat",
	title = "On binomial identities in arbitrary bases",
	journal = "Journal of Integer Sequences",
	year = "2016",
	volume = "19",
	number = "5",
	note = "Article 16.5.5",
}

@article{12,
	author = "Tewodros Amdeberhan and Atul Dixit and Xiao Guan and Lin Jiu and Victor H. Moll and Christophe Vignat",
	title = "A series involving {Catalan} numbers. {Proofs} and demonstrations",
	journal = "Elemente der Mathematik",
	year = "2016",
	volume = "71",
	number = "3",
	pages = "109--121",
	doi = "10.4171/EM/306",
}

@article{13,
	author = "Tewodros Amdeberhan and Atul Dixit and Xiao Guan and Lin Jiu and Alexey Kuznetsov and Victor H. Moll and Christophe Vignat",
	title = "The integrals in {Gradshteyn} and {Ryzhik}. {Part} 30: trigonometric functions",
	journal = "Scientia Series A: Mathematical Sciences",
	year = "2016",
	volume = "27",
	pages = "47--74",
}

@article{14,
	author = "Ivan Gonzalez and Lin Jiu and Victor H. Moll",
	title = "Pochhammer symbol with negative indices. {A} new rule for the method of brackets",
	journal = "Open Mathematics",
	year = "2016",
	volume = "14",
	number = "1",
	pages = "681--686",
	doi = "10.1515/math-2016-0063",
}

@article{15,
	author = "Chunhui Li and Erchuan Zhang and Lin Jiu and Huafei Sun",
	title = "Optimal control on special {Euclidean} group via natural gradient descent algorithm",
	journal = "Science China Information Sciences",
	year = "2016",
	volume = "59",
	number = "11",
	note = "Article 112203",
	doi = "10.1007/s11432-015-0096-3",
}

@article{16,
	author = "Lin Jiu",
	title = "Integral representations of equally positive integer-indexed harmonic sums at infinity",
	journal = "Research in Number Theory",
	year = "2017",
	volume = "3",
	note = "Article 10",
	doi = "10.1007/s40993-017-0074-x",
}

@article{17,
	author = "Ivan Gonzalez and Karen Kohl and Lin Jiu and Victor H. Moll",
	title = "An extension of the method of brackets. {Part} 1",
	journal = "Open Mathematics",
	year = "2017",
	volume = "15",
	number = "1",
	pages = "1181--1211",
	doi = "10.1515/math-2017-0100",
}

@article{18,
	author = "Lin Jiu and Victor H. Moll and Christophe Vignat",
	title = "A symbolic approach to multiple zeta values at the negative integers",
	journal = "Journal of Symbolic Computation",
	year = "2018",
	volume = "84",
	pages = "1--13",
	doi = "10.1016/j.jsc.2017.01.002",
}

@inbook{19,
	author = "Ivan Gonzalez and Karen Kohl and Lin Jiu and Victor H. Moll",
	title = "The method of brackets in experimental mathematics",
	chapter = "16",
	booktitle = "Frontiers of Orthogonal Polynomials and $q$-Series",
	editor = "M Zuhair Nashed, Xin Li",
	publisher = "World Scientific Publishers",
	year = "2018",
	ISBN = "978-9813228870",
	pages = "307--318",
	doi = "10.1142/9789813228887\{_}0016",
}

@article{20,
	author = "Lin Jiu and Diane Yahui Shi",
	title = "Orthogonal polynomials and connection to generalized {Motzkin} numbers for higher-order {Euler} polynomials",
	journal = "Journal of Number Theory",
	year = "2019",
	volume = "199",
	pages = "389--402",
	doi = "10.1016/j.jnt.2018.11.021",
}


@article{21,
	author = "Lin Jiu and Diane Yahui Shi",
	title = "Matrix representation for multiplicative nested sums",
	journal = "Colloquium Mathematicum",
	year = "2019",
	volume = "158",
	number = "2",
	pages = "183--194",
	doi = "10.4064/cm7481-10-2018",
}


@article{22,
	author = "Lin Jiu and Christophe Vignat",
	title = "Connection coefficients for higher-order {Bernoulli} and {Euler} polynomials: a random walk approach",
	journal = "Fibonacci Quarterly",
	year = "2019",
	volume = "57",
	number = "5",
	pages = "84--95",
}

@article{23,
	author = "Lin Jiu and Christophe Vignat and Tanay Wakhare",
	title = "Analytic continuation for multiple zeta values using symbolic representations",
	journal = "International Journal of Number Theory",
	year = "2020",
	volume = "16",
	number = "3",
	pages = "579--602",
	doi = "10.1142/S1793042120500293",
}

@article{24,
	author = "Nobuki Takayama and Lin Jiu and Satoshi Kuriki and Yi Zhang",
	title = "Computation of the expected {Euler} characteristic for the largest eigenvalue of a real non-central {Wishart} matrix",
	journal = "Journal of Multivariate Analysis",
	year = "2020",
	volume = "179",
	note = "Article 104642",
	doi = "10.1016/j.jmva.2020.104642",
}

@article{25,
	author = "Lin Jiu and Christoph Koutschan",
	title = "Calculation and properties of zonal polynomials",
	journal = "Mathematics in Computer Science",
	year = "2020",
	volume = "14",
	pages = "623--640",
	doi = "10.1007/s11786-020-00458-0",
}

@article{26,
	author = "Ivan Gonzalez and Karen Kohl and Lin Jiu and Victor H. Moll",
	title = "An extension of the method of brackets. {Part} 2",
	journal = "Open Mathematics",
	year = "2020",
	volume = "18",
	number = "1",
	pages = "983--955",
	doi = "10.1515/math-2020-0062",
}

@article{27,
	author = "Karl Dicher and Lin Jiu",
	title = "Orthogonal polynomials and {Hankel} determinants for certain {Bernoulli} and {Euler} polynomials",
	journal = "Journal of Mathematical Analysis and Applications",
	year = "2021",
	volume = "497",
	number = "1",
	note = "Article 124855",
	doi = "10.1016/j.jmaa.2020.124855",
}

@article{28,
	author = "Karl Dicher and Lin Jiu",
	title = "Hankel Determinants of sequences related to {Bernoulli} and {Euler} polynomials",
	journal = "International Journal of Number Theory",
	year = "2022",
	volume = "18",
	number = "2",
	pages = "331--359",
	doi = "10.1142/S179304212250021X",
}

@article{29,
	author = "Lin Jiu and Italo Simonelli and Heng Yue",
	title = "Loop decompositions of random walks and nontrivial identities of {Bernoulli} and {Euler} polynomials ",
	journal = "INTEGERS",
	year = "2022",
	volume = "22",
	note = "Article 91",
}

@article{30,
	author = "Lin Jiu and Diane Yahui Shi",
	title = "Moments and cumulants on identities for {Bernoulli} and {Euler} numbers",
	journal = "Mathematical Reports ",
	year = "2022",
	volume = "24",
	number = "4",
	pages = "643--650",
}

@article{31,
	author = "Zachary Bradshaw and Ivan Gonzalez and Lin Jiu and Victor H. Moll and Christophe Vignat",
	title = "Compatibility of the method of brackets with classical integration rules",
	journal = "Open Mathematics",
	year = "2023",
	volume = "21",
	number = "1",
	note = "Article 20220581",
	doi = "10.1515/math-2022-0581",
}

@article{32,
	author = "Karl Dicher and Lin Jiu",
	title = "Hankel determinants of shifted sequences of {Bernoulli} and {Euler} numbers",
	journal = "Contributions to Discrete Mathematics",
	year = "2023",
	volume = "18",
	number = "2",
	pages = "146--175",
	doi = "10.55016/ojs/cdm.v18i2.73995",
}

@article{33,
	author = "Shane Chern and Lin Jiu",
	title = "Hankel determinants and {Jacobi} continued fractions for $q$-{Euler} number",
	journal = "Comptes Rendus Math\'{e}matique",
	year = "2024",
	volume = "362",
	pages = "203--216",
	doi = "10.5802/crmath.569",
}

@article{34,
	author = "Qipin Chen and Shane Chern and Lin Jiu",
	title = "Multi-headed lattice and {Green} functions",
	journal = "Journal of Physics A: Mathematical and Theoretical",
	year = "2024",
	volume = "57",
	number = "46",
	note = "Article 465204",
	doi = "10.1088/1751-8121/ad8791",

}

@article{35,
	author = "Lin Jiu and Ye Li",
	title = "Hankel determinants of certain sequences of {Bernoulli} polynomials: {A} direct proof of an inverse matrix entry from statistics",
	journal = "Contributions to Discrete Mathematics",
	year = "2024",
	volume = "19",
	number = "4",
	pages = "64--84",
}

@article{36,
	author = "Lin Jiu and Linyu Peng",
	title = "Information geometry and alpha-parallel prior of the beta-logistic distribution",
	journal = "Communications in Statistics. Theory and Methods",
	doi = "10.1080/03610926.2024.2387839",
	note = "to appear",
}


@article{37,
	author = "Shane Chern and Lin Jiu and Italo Simonelli",
	title = "A central limit theorem for a card shuffling problem",
	journal = "Journal of Combinatorial Theory. Series A.",
	note = "to appear",
}


@article{38,
	author = "Shane Chern and Lin Jiu and Shuhan Li and Liuquan Wang",
	title = "Leading coefficient in the {Hankel} determinants related to binomial and $q$-binomial transforms",
	note = "under submission",
}

@article{39,
	author = "Lin Jiu and Duanduan Wang",
	title = "On $b$-ary binomial coefficients with negative entries",
	note = "under submission",
}



@phdthesis{PHD,
	author = "Lin Jiu",
	title = "The Method of Brackets and the Bernoulli Symbol",
	publisher = "Department of Mathematics, Tulane University",
	address = "New Orleans, LA, USA",
	year = "2016",
}
